@manual{offsetMPU,
  title     = {MPU Hardware Offset Registers Application Note},
  author    = {Invensense},
  organization = {Invensense Corporation},
  year      = {2014},
  address   = {San Jose, USA},
  version = {1.0}
}
@manual{userguideMotionDriver,
  title     = {Motion Driver 6.12 – User Guide},
  author    = {Invensense},
  organization = {Invensense Corporation},
  year      = {2015},
  address   = {Sunnyvale, USA},
  version = {1.2}
}

@masterthesis{cuaternion,
  title	= {Cuaterniones y ángulos de Euler para describir rotaciones en $R^3$},
  author = {Francisco Javier Somma},
  school = {Facultad de Tecnología Informática - Universidad Abierta Interamericana},
  month = {Diciembre},
  year = {2018},
  url = {Disponible en \url{https://imgbiblio.vaneduc.edu.ar/fulltext/files/TC126683.pdf}},
  address = {Buenos Aires, Argentina},
  type = {Tesis de Licenciatura}
}